






@article{doi:10.1080/00207720500157676,
author = { A. A.   Faust *   and  R. H.   Chesney  and  Y.   Das  and  J. E.   McFee  and  K. L.   Russell },
title = {Canadian teleoperated landmine detection systems. Part II: Antipersonnel landmine detection},
journal = {International Journal of Systems Science},
volume = {36},
number = {9},
pages = {529-543},
year  = {2005},
publisher = {Taylor & Francis},
doi = {10.1080/00207720500157676},

URL = { 
        https://doi.org/10.1080/00207720500157676
    
},
eprint = { 
        https://doi.org/10.1080/00207720500157676
    
}

}


