@article{Vicaire:2009:ALS:1464420.1464429,
 author = {Vicaire, Pascal and He, Tian and Cao, Qing and Yan, Ting and Zhou, Gang and Gu, Lin and Luo, Liqian and Stoleru, Radu and Stankovic, John A. and Abdelzaher, Tarek F.},
 title = {Achieving Long-term Surveillance in VigilNet},
 journal = {ACM Trans. Sen. Netw.},
 issue_date = {February 2009},
 volume = {5},
 number = {1},
 month = feb,
 year = {2009},
 issn = {1550-4859},
 pages = {9:1--9:39},
 articleno = {9},
 numpages = {39},
 url = {http://doi.acm.org/10.1145/1464420.1464429},
 doi = {10.1145/1464420.1464429},
 acmid = {1464429},
 publisher = {ACM},
 address = {New York, NY, USA},
 keywords = {Applications of sensor and actuator networks, and longevity, connectivity, coverage, energy and resource management, energy conservation, network protocols, sensor networks, tracking},
}